<record><leader>00000cas a22000007a 4500</leader><controlfield tag="001">12000070</controlfield><controlfield tag="008">850506d184518uunyuwr ne      0    0eng d</controlfield><datafield ind1=" " ind2=" " tag="010"><subfield code="a">sn 85025984 </subfield></datafield><datafield ind1=" " ind2=" " tag="040"><subfield code="a">NPX</subfield><subfield code="b">eng</subfield><subfield code="c">NPX</subfield><subfield code="d">NPI</subfield><subfield code="d">KNP</subfield><subfield code="d">NYG</subfield><subfield code="d">NSD</subfield><subfield code="d">NYG</subfield><subfield code="d">NYS</subfield><subfield code="d">CNK</subfield><subfield code="d">NVF</subfield><subfield code="d">OCL</subfield><subfield code="d">OCLCQ</subfield><subfield code="d">OCLCF</subfield><subfield code="d">OCLCO</subfield></datafield><datafield ind1=" " ind2=" " tag="042"><subfield code="a">msc</subfield></datafield><datafield ind1=" " ind2=" " tag="043"><subfield code="a">n-us-ny</subfield></datafield><datafield ind1="0" ind2=" " tag="130"><subfield code="a">New-Yorker (New York, N.Y. : 1845)</subfield></datafield><datafield ind1="1" ind2="4" tag="245"><subfield code="a">The New-Yorker.</subfield></datafield><datafield ind1=" " ind2=" " tag="260"><subfield code="a">New-York [N.Y.] :</subfield><subfield code="b">Greeley &amp; McElrath,</subfield><subfield code="c">1845-</subfield></datafield><datafield ind1=" " ind2=" " tag="300"><subfield code="a">v.</subfield></datafield><datafield ind1=" " ind2=" " tag="310"><subfield code="a">Weekly</subfield></datafield><datafield ind1="0" ind2=" " tag="362"><subfield code="a">Vol. 1, no. 1 (Oct. 4, 1845)-</subfield></datafield><datafield ind1=" " ind2=" " tag="515"><subfield code="a">Specimen number called v. 1 issued Aug. 16, 1845.</subfield></datafield><datafield ind1=" " ind2=" " tag="580"><subfield code="a">Semiweekly ed.: New-York semi-weekly tribune (New York, N.Y. : 1845), 1845-&lt;1847&gt;.</subfield></datafield><datafield ind1=" " ind2=" " tag="580"><subfield code="a">Weekly ed.: New-York weekly tribune, 1845-&lt;1847&gt;.</subfield></datafield><datafield ind1=" " ind2=" " tag="580"><subfield code="a">Daily ed.: New-York daily tribune, 1845-&lt;1847&gt;.</subfield></datafield><datafield ind1=" " ind2="0" tag="651"><subfield code="a">New York (N.Y.)</subfield><subfield code="v">Newspapers.</subfield></datafield><datafield ind1=" " ind2="7" tag="655"><subfield code="a">Newspapers.</subfield><subfield code="2">fast</subfield><subfield code="0">(OCoLC)fst01423814</subfield></datafield><datafield ind1=" " ind2="7" tag="651"><subfield code="a">New York (State)</subfield><subfield code="z">New York.</subfield><subfield code="2">fast</subfield><subfield code="0">(OCoLC)fst01204333</subfield></datafield><datafield ind1=" " ind2=" " tag="752"><subfield code="a">United States</subfield><subfield code="b">New York</subfield><subfield code="c">New York</subfield><subfield code="d">New York.</subfield></datafield><datafield ind1="1" ind2=" " tag="775"><subfield code="t">New-York semi-weekly tribune (New York, N.Y. : 1845)</subfield><subfield code="w">(DLC)sn 83030279</subfield></datafield><datafield ind1="1" ind2=" " tag="775"><subfield code="t">New-York weekly tribune</subfield><subfield code="x">1052-7389</subfield><subfield code="w">(DLC)sn 83030280</subfield></datafield><datafield ind1="1" ind2=" " tag="775"><subfield code="t">New-York daily tribune</subfield><subfield code="w">(DLC)sn 83030213</subfield></datafield></record>